@book{codebook,
	author = {Simon Singh},
	title = {The Code Book},
	date = {1999},
}

@book{appcrypt,
	author = {Bruce Schneier},
	title = {Applied Cryptography},
	date = {1996},
}

@book{absalg,
	author = {Thomas W. Judson},
	title = {Abstract Algebra},
	date = {2016},
}

@book{compsec,
	author = {Michael T. Goodrich, Roberto Tamassia},
	title = {Introduction to Computer Security},
	date = {2011},
}

@article{diffiehellman,
	author = {Whitfield Diffie, Matrin E. Hellman},
	title = {New Directions in Cryptography},
	journaltitle = {IEEE Transactions on Information Theory},
	date = {November 1976},
}
